<?xml version="1.0" encoding="UTF-8"?><collection xmlns="http://www.loc.gov/MARC21/slim"><record><leader>00481nam--2200181-u-4500</leader><controlfield tag="001">000055327</controlfield><controlfield tag="002">20161230</controlfield><controlfield tag="005">20161230201052</controlfield><controlfield tag="008">130121s1000------------r-----000-0-rum-d</controlfield><datafield ind1=" " ind2=" " tag="040"><subfield code="a">IFIN-HH</subfield></datafield><datafield ind1=" " ind2=" " tag="041"><subfield code="a">rum</subfield></datafield><datafield ind1=" " ind2=" " tag="080"><subfield code="a">533.6:539.1</subfield></datafield><datafield ind1="1" ind2=" " tag="100"><subfield code="a">Petre, Augustin</subfield></datafield><datafield ind1="1" ind2="0" tag="245"><subfield code="a">Teoria aeroelasticitatii</subfield><subfield code="b">Fenomene dinamice periodice</subfield><subfield code="c">Augustin petre</subfield></datafield><datafield ind1=" " ind2=" " tag="260"><subfield code="a">Bucuresti</subfield><subfield code="b">Ediura Academiei Rsr</subfield><subfield code="c">1973</subfield></datafield><datafield ind1=" " ind2=" " tag="300"><subfield code="a">401P</subfield></datafield><datafield ind1=" " ind2=" " tag="852"><subfield code="a">40037</subfield><subfield code="c">539.3</subfield></datafield><datafield ind1=" " ind2=" " tag="CAT"><subfield code="a">Sys</subfield><subfield code="c">20130121</subfield><subfield code="h">132851</subfield></datafield></record></collection>